
// For confidence bounds
@misc{DKWM-in,
      title={A short proof of the Dvoretzky--Kiefer--Wolfowitz--Massart inequality}, 
      author={Henry W J Reeve},
      year={2024},
      eprint={2403.16651},
      archivePrefix={arXiv},
      primaryClass={math.PR},
      url={https://arxiv.org/abs/2403.16651}, 
}
